@book{temperature,
title={Inventing Temperature: Measurement and Scientific Progress},
publisher={Oxford Studies in the Philosophy of Science},
year=2007,
author={Hasok Chang}
}

@book{RMarkdown,
title={R Markdown: The Definitive Guide},
author={Yihui Xie and J. J. Allaire and Garrett Grolemund},
year=2020,
publisher={Chapman {\&} Hall/CRC} 
}

@inproceedings{debt,
author = {Falessi, D. and Kruchten, P.},
 title = {Five Reasons for Including Technical Debt in the Software Engineering Curriculum},
 booktitle = {Proceedings of the 2015 European Conference on Software Architecture Workshops},
 series = {ECSAW'15},
 year = {2015},
 isbn = {978-1-4503-3393-1},
 location = {Dubrovnik, Cavtat, Croatia},
 pages = {28:1--28:4},
 articleno = {28},
 numpages = {4},
 doi = {10.1145/2797433.2797462},
 publisher = {ACM}
}

@article{maneage,
	doi = {10.1109/mcse.2021.3072860},  
	url={https://maneage.org},
	year = 2021,
	month = {May},
	publisher = {Institute of Electrical and Electronics Engineers ({IEEE})},
	volume = {23},
	number = {3},
	pages = {82--91},
	author = {Mohammad Akhlaghi and Ra{\'u}l Infante-Sainz and Boudewijn F. Roukema and Mohammadreza Khellat and David Valls-Gabaud and Roberto Baena-Gall{\'e}},  
	title = {Toward Long-Term and Archivable Reproducibility},
	journal = {Computing in Science {\&} Engineering}
}

@article{Courtes,
title={[Re] Storage Tradeoffs in a Collaborative Backup Service for Mobile Devices},
author={Ludovic Court{\`e}s},
year=2020,
doi={10.5281/zenodo.3886739},
journal={Rescience C},
volume=6,
number={1:{\#}6},
pages=10,
url={https://gitlab.inria.fr/lcourtes-phd/edcc-2006-redone}
}

@book{Hammurabi,
publisher={Open Educational Resources for the Ancient Near East, University of Central Florida},
year=2022,
title={Laws of Hammurabi},
author={Martha T. Roth},
url={https://stars.library.ucf.edu/cgi/viewcontent.cgi?article=1133&=&context=ancientneareast&=&sei-redir=1&referer=https%253A%252F%252Fscholar.google.com%252Fscholar%253Fhl%253Den%2526as_sdt%253D0%25252C5%2526q%253DIf%252Ba%252Bbuilder%252Bconstructs%252Ba%252Bhouse%252Bhammurabi%2526btnG%253D#search=%22If%20builder%20constructs%20house%20hammurabi%22}
}

@article{nature-chatgpt,
journal={Nature},
title={Tools such as {ChatGPT} threaten transparent science; here are our ground rules for their use},
year=2023,
pages=612,
volume=613,
author={Editorial},
doi={10.1038/d41586-023-00191-1}
}

@booklet{RAPstandard,
title={Using Reproducible Analytical Pipelines ({RAP}) to improve statistics},
year=2022,
author={{Office for National Statistics}},
url={https://code.statisticsauthority.gov.uk/case-studies/using-reproducible-analytical-pipelines-rap-to-improve-statistics/}
}

@book{haskell,
title={Real World Haskell},
author={Bryan O'Sullivan and Don Stewart and John Goerzen},
year={2008},
publisher={O'Reilly Media},
url={book.realworldhaskell.org}
}

@article{misconduct-issues,
title={How Many Scientists Fabricate and Falsify Research? {A} Systematic Review and Meta-Analysis of Survey Data},
author={Daniele Fanelli},
year=2009,
doi={10.1371/journal.pone.0005738},
journal={{PLOS ONE}},
volume=4,
number=5,
pages={e5738}
}

@article{mrb,
journal={Nature},
year=2023,
title={Methods-review boards could avert wasted research},
author={Dani{\"{e}}l Lakens},
volume=613,
page=9
}

@book{lambda,
title={Lambda-Calculus and Combinators: {An} Introduction},
edition={2nd},
author={J. Roger Hindley  and Jonathan P. Seldin},
year=2008,
publisher={Cambridge University Press}
}

@book{write-for-life,
title={Write for your life},
author={Anna Quindlen},
year=2022,
publisher={Random House}
}

@article{no-raw-data,
author={Miyakawa, T.},
title={No raw data, no science: {Another} possible source of the reproducibility crisis},
journal={Molecular Brain},
volume=13, 
number=24,
pages={1--6},
year=2022,
doi={10.1186/s13041-020-0552-2}
}

@article{reproducibility-crisis,
	author = {Baker, Monya},
	journal = {Nature},
	number = {7604},
	pages = {452--454},
	title = {1,500 scientists lift the lid on reproducibility},
	doi={10.1038/533452a},
	volume = {533},
	year = {2016}
}

@article{reproducible-manifesto,
	author = {Munaf{\`o}, Marcus R. and Nosek, Brian A. and Bishop, Dorothy V. M. and Button, Katherine S. and Chambers, Christopher D. and Percie du Sert, Nathalie and Simonsohn, Uri and Wagenmakers, Eric-Jan and Ware, Jennifer J. and Ioannidis, John P. A.},
	date = {2017/01/10},
	date-added = {2022-12-15 14:09:16 +0000},
	date-modified = {2022-12-15 14:09:16 +0000},
	doi = {10.1038/s41562-016-0021},
	journal = {Nature Human Behaviour},
	number = {1},
	pages = {0021},
	title = {A manifesto for reproducible science},
	volume = {1},
	year = {2017}
}

@inproceedings{jupyter-study,
year=2019, 
booktitle={2019 IEEE/ACM 16th International Conference on Mining Software Repositories {(MSR)}}, 
title={A Large-scale Study about Quality and Reproducibility of {Jupyter} Notebooks},
author={Joa{\?{a}}o Felipe Pimentel and Leonardo Murta and Vanessa Braganholo and Juliana Freire},
pages={507--517},
doi={10.1109/MSR.2019.00077}
}

@article{PER-GRA:2007,
  Author    = {P{\'e}rez, Fernando and Granger, Brian E.},
  Title     = {{IP}ython: {A} System for Interactive Scientific Computing},
  Journal   = {IEEE Computing in Science and Engineering},
  Volume    = {9},
  Number    = {3},
  Pages     = {21--29},
  month     = may,
  year      = 2007,
  url       = "https://ipython.org",
  ISSN      = "1521-9615",
  doi       = {10.1109/MCSE.2007.53}
}

@ARTICLE{jupyter-history,
  author={Granger, Brian E. and P{\'e}rez, Fernando},
  journal={Computing in Science {\&} Engineering}, 
  title={Jupyter: {Thinking} and Storytelling With Code and Data}, 
  year={2021},
  volume={23},
  number={2},
  pages={7--14},
  doi={10.1109/MCSE.2021.3059263}
}

@article{perkel-review,
journal={Nature},
year={6 May 2021},
pages={156--157},
author={J. M. Perkel},
volume=593,
title={Reactive, reproducible, collaborative: Computational notebooks evolve},
doi={10.1038/d41586-021-01174-w}
}

@article{joss,
author={Smith, Arfon M. and Niemeyer, Kyle E. and Katz, Daniel S. and Barba, Lorena A. and Githinji, George and Gymrek, Melissa and Huff, Kathryn D. and Madan, Christopher R. and Mayes, Abigail Cabunoc and Moerman, Kevin M. and Prins, Pjotr and Ram, Karthik and Rokem, Ariel and Teal, Tracy K. and Guimera, Roman Valls and Vanderplas, Jacob T.},
title={Journal of Open Source Software ({JOSS}): Design and first-year review},
journal={PeerJ Computer Science},
volume=4,
number={e147},
doi={10.7717/peerj-cs.147},
year=2018
}

@article{rescience,
author={Rougier, N. P. and Hinsen, K. and Alexandre, F. and Arildsen, T. and Barba, L. A. and Benureau, F. C. Y. and Brown, C. T. and de Buyl, P. and Caglayan, O. and Davison, A. P. and Delsuc, M. and Detorakis, G. and Diem, A. K. and Drix, D. and Enel, P. and Girard, B. and Guest, O. and Hall, M. G. and Henriques, R. N. and Hinaut, X. and Jaron, K. S. and Khamassi, M. and Klein, A. and Manninen, T. and Marchesi, P. and McGlinn, D. and Metzner, C. and Petchey, O. and Plesser, H. E. and Poisot, T. and Ram, K. and Ram, Y. and Roesch, E. and Rossant, C. and Rostami, V. and Shifman, A. and Stachelek, J. and Stimberg, M. and Stollmeier, F. and Vaggi, F. and Viejo, G. and Vitay, J. and Vostinar, A. E. and Yurchak, R. and Zito, T.},
year=2017,
title={Sustainable computational science: the {ReScience} initiative}, 
journal={PeerJ Computer Science},
volume=3,
number={e142},
doi={10.7717/peerj-cs.142}
}

@article{trisovic,
title={A large-scale study on research code quality and execution
nature research},
year=2022,
journal={Scientific Data},
volume=9,
number=60,
doi={10.1038/s41597-022-01143-6},
author={Ana Trisovic and Matthew Kekoa Lau and Thomas Pasquier  and Merc{\`{e}} Crosas}
}

@article{data-access,
title={Many researchers were not compliant with their published data sharing statement: mixed-methods study},
author={Mirko Gabelica and Ru{\v z}ica Boj{\v c}i{\' c} and Livia Puljak},
doi={0.1016/j.jclinepi.2022.05.019},
journal={Journal of Clinical Epidemiology},
year=2020
}

@article{forsyth,
title={Extensions of {Forsythe's} method for random sampling from the normal distribution},
author={J. H. Ahrens and U. Dieter},
Journal={Mathematics of Computation},
volume=27,
year=1973,
pages={927--937}, 
doi={10.1090/S0025-5718-1973-0329190-8}
}

@article{Normal-Distributions,
author = {Ahrens, J. H. and Dieter, U.}, 
title = {Computer Methods for Sampling from the Exponential and Normal Distributions}, 
year = {1972}, 
volume = {15}, 
number = {10}, 
doi = {10.1145/355604.361593}, 
journal = {Communications of the ACM},
pages = {873--882}
}

@article{TOP,
title={Promoting an open research culture: {A}uthor guidelines for journals could help to promote transparency, openness, and reproducibility},
author={B. A. Nosek and G. Alter and G. C. Banks and D. Borsboom and S. D. Bowman and
S. J. Breckler and S. Buck and C. D. Chambers and G. Chin and G. Christensen and M. Contestabile, A. Dafoe and E. Eich and J. Freese and
R. Glennerster and D. Goroff and D. P. Green and B. Hesse and M. Humphreys and J. Ishiyama and D. Karlan, A. Kraut and A. Lupia, P. Mabry and T. Madon and N. Malhotra and
E. Mayo-Wilson and M. McNutt and E. Miguel and E. Levy Paluck and U. Simonsohn and
C. Soderberg and B. A. Spellman and
J. Turitto and G. VandenBos and S. Vazire and
E. J. Wagenmakers and R. Wilson and T. Yarkoni},
journal={Science},
year=2015,
volume=348, 
number=6242,
pages={1422--1425},
doi={10.1126/science.aab2374}
}

@article{hoare-correctness,
title={The Ideal of Program Correctness: {Third} {Computer} {Journal} Lecture},
author={Hoare, C. A. R.},
journal={The Computer Journal}, 
volume=50, number=3, year=2007, pages={254--260}, 
doi={10.1093/comjnl/bxl078}
}

@booklet{TOP-wiki,
title={Guidelines for {Transparency} and {Openness} {Promotion} {(TOP)} in Journal Policies and Practices ``{The} {TOP} {Guidelines}''},
url={osf.io/9f6gx/wiki/Guidelines},
year=2022,
author={George Alter and Joshua Angrist and George Banks and Denny Borsboom 
and Sara Bowman and Steven Breckler and Stuart Buck and Altaf Carim 
and Gilbert Chin and Garret Christensen and Monica Contestabile and 
Allan Dafoe and Eric Eich and Jeremy Freese and Rachel Glennerster 
and Daniel Goroff and Donald Green and Brad Hesse and Macartan 
Humphreys and John Ishiyama and Dean Karlan and Alan Kraut and Arthur 
Lupia and Patty Mabry and Temina Madon and Neil Malhotra and Evan 
Mayo-Wilson and Marcia McNutt and Edward Miguel and Brian Nosek and 
Ben Olken and Betsy Levy Paluck and Adam Russell and Uri Simonsohn 
and Bobbie Spellman and Joanne Tornow and James Turitto and Gary 
VandenBos and Simine Vazire and E. J. Wagenmakers and Rick Wilson and 
Tal Yarkoni}
}

@article{sas9.2,
year=2022,
title="Targets for parathyroid hormone in secondary hyperparathyroidism: is a ``one-size-fits-all'' approach appropriate? {A} prospective incident cohort study",
author={Laurain, Emmanuelle and Ayav, Carole and Erpelding, Marie-Line and Kessler, Mich\'{e}le and Brian{\c{c}}on, Serge and Brunaud, Laurent and Frimat, Luc},
journal={BMC nephrology},
pages="132",
volume="15",
doi="10.1186/1471-2369-15-132"
}

@article{acm-algorithms,
title={Techniques Department: Policy Statement},
volume=1,
number=1,
pages="5--7",
year=1958,
journal={Communications of the ACM},
author={R. W. Bemer}
}

@article{lepton,
journal={Procedia Computer Science},
volume=9, year=2012, pages={439--448},
doi={10.1016/j.procs.2012.04.047},
note={International Conference on Computational Science, ICCS 2012},
title={Literate Program Execution for Reproducible Research and Executable Papers},
author={S{\' e}bastien Li-Thiao-T{\' e}}
}

@booklet{rap,
title={Reproducible Analytical Pipelines},
author={Matt Upson},
year=2017,
url={dataingovernment.blog.gov.uk/2017/03/27/reproducible-analytical-pipeline}
}

@book{misra,
title={{MISRA} Compliance: 2020 -- Achieving compliance with {MISRA} Coding Guidelines},
year=2020,
url={www.misra.org.uk},
publisher={MISRA Consortium},
author={{The MISRA Consortium Limited}},
sortkey={MISRA Consortium Limited}
}

@article{Executable-Paper,
title={Executable Paper {Grand Challenge} Workshop},
booktitle={International Conference on Computational Science, {ICCS} 2011},
year=2011,
author={Ann Gabriela and Rebecca Capone},
journal={Procedia Computer Science},
volume=4,
pages={577--578},
doi={10.1016/j.procs.2011.04.060}
}

@book{goldacre,
author={Ben Goldacre},
title={Better, broader, safer: {Using} health data for research and analysis},
year=2022,
publisher={Department of Health and Social Care},
url={www.gov.uk/government/publications/better-broader-safer-using-health-data-for-research-and-analysis}
}

@book{turing-way,
url={the-turing-way.netlify.app/welcome},
title={{The Turing Way: A Handbook for Reproducible Data Science}},
volume={v1.0.3},
publisher={Zenodo},
author={Rachael Ainsworth and Aasiyah Rashan and Abel Siqueira and Achintya Rao and Adina Wagner and Aditi Dutta and Aditi Shenvi and Afzal Ansari and Ago3 and Ahmed Essam and Aida Mehonic and Albert Hornos Vidal and Alden Conner and Alejandro {\copyright} and Aleksandra Zaforemska and Alex Bird and Alex Chan and Alex Clarke and Alexander Morley and Ali Seyhun Saral and Ali Seyhun Saral and Ambreen Masud and Andrea Pierr{\'{e}} and Andrea S{\'{a}}nchez-Tapia (she/her) and Andreea Avramescu and Andrei Alexandru and Andrei Leonard Nicusan and Andrew Stewart and Andrian Nobella and AngelikaKerlin and Angelo Varlotta and Aniketh Varma and AnkitaGarg95 and Ann-Marie Mallon and Anna Hadjitofi and Anna Krystalli and Annabel Elizabeth Whipp and Anne Fouilloux and Anne Lee Steele and Aras Selvi and Arduin and Arielle-Bennett and Arron Lacey and Aryan nath and Asma Kacem and Augustinas Sukys and Barbara Vreede and Batool and Becki Green and Becky Arnold and Benjamin Mummery and Beth Montague-Hellen and Bouwe Andela and Brandon Lee and Brian O'Neil and Brigitta Sip{\~{o}}cz and Bruno Camino and Callum Mole and Cameron Trotter and Camila Rangel Smith and Cari Hyde-Vaamonde and Carlos Martinez and Carlos Vladimiro Gonzàlez Zelaya and CarlosMFerr and Cassandra Gould van Praag and Cem Ulus and Chad Gilbert and Chandler Klein and Chanuki Illushka Seresinhe and Charlotte Watson and Chris Holdgraf and Chris Markiewicz and Chris Tomlinson and Christina Hitrova and Christopher Lovell and Clare Liggins and ClauFischer and ClaudiaCAU and Colin Sauze and Collin Schwantes and DACNC and DDelbarre and DaisyParry and Dan Brady and Dan Hobley and Dan Kerchner and Danbee Kim and Daniel Lintott and Daniel Mietchen and Daniel N{\"{u}}st and Danny Garside and Danping and David Foster and David Gregg and David Stansby and DerienFe and Diego Alonso Alvarez and Dimitra Blana and Dinesh kumar and Dorien Huijser and Dr Owain Kenway and Ed Chalstrey and Edwin Ajong and Eirini Malliaraki and Eirini Zormpa and Elisa Rauseo and Elisa-on-GitHub and Elizabeth DuPre and Em K and Enrico Glerean and Eric Daub and Eric Leung and Eric R Scott and Esther Plomp and Evelina Gabasova and Faruk D. and Federico Nanni and Ferran Gonzalez Hernandez and Florian Gilcher and Frances Cooper and Frances Madden and Froguin99 and FrozenLines and Fuad Reza Pahlevi and Georgia and Georgia Atkinson and Georgia Tomova and Georgiana Elena and Gertjan van den Burg and Gianni Scolaro and Giulia Crocioni and Graham Lee and Greg Caporaso and Greg Kiar and Guillaume Flandin and Gustavo Becelli do Nacimento and Hao Ye and Heidi Seibold and Hieu Hoang and Iain and Ian Hinder and Ikko Ashimine and IsabelBirds and Isil Bilgin and Ismael-KG and JKasmire and Jack Breen and Jade Pickering and JadeHotchkiss and James Kent and James Myatt and James Robinson and James Thomas and Jamie J Quinn and Jannetta Steyn and Jason Gates and Javier Moldon and Jay Dev Jha and Jennifer Ding and Jeremy Crampton and Jeremy Leipzig and Jessica and Jessy Provencher and Jez Cope and Jill Wang and Jim Circadian and Jim Madge and Joanna Leng and Joe Early and Joe Fennell and Johanna Bayer and Joshua Teves and Jos{\'{e}} Mar{\'{\i}}a Fern{\'{a}}ndez and Julia Guiomar Niso Gal{'{a}}n and Julien Colomb and K-C-Martin and Katherine Dixey and Katriona Goldmann and Kelly Barnes and Kelly-dot and Kesson Magid and Kevin Kunzmann and Kim De Ruyck and Kim De Ruyck and Kirstie Whitaker and Kristijan Armeni and Krunal Rank and Lachlan Mason and Laura Acion and Laura Carter and Laura Mugeha and Lenka and Liberty Hamilton and Lion-admin and LizHareDogs and Louise Bowler and Lovkush and Luca Bertinetto and Luigi Scalzone and Luis Santos and Luke Conibear and Luna and Lupe CaMay and MLeston2022 and Mahwish M and Malvika Sharan and Marcos Ellys Rocha Honorato and Maria Eriksson and Maria del Mar Quiroga and Mariam-ke and Mariana V. and Mariona and Mark Woodbridge and Markus L{\"{o}}ning and Marta-MM and Martin Jean and Martin O'Reilly and Martina G. Vilas and Mateus Harrington and Mateusz Kuzak and Matthew Evans and Max Joseph and Melissa Black and Michael Grayling and Miguel Rivera and Muhammad Radifar and Mustafa Anil Tuncel and Nadia Soliman and Naomi Penfold and Natacha Chenevoy and Natalie Thurlby and Nathan Begbie and Neha Moopen and Neil Chue Hong and Nick Barlow and Nico and Nicol{\'{a}}s Alessandroni and Nina and Nomi Harris and NotActuallyACat and Obi Thompson Sargoni and Oleg Lavrovsky and Oliver Clark and Oliver Forrest and Oliver Hamelijnck and Oliver Strickson and Oscar Corcho and Oscar Giles and Pablo Rodr{\'{\i}}guez-S{\'{a}}nchez and Patricia Herterich and Patrick Bos and Patrick Mineault and Paul Dominick Baniqued and Paul Owoicho and Paula Andrea Martinez and Pedro Pinto da Silva and PeterC-ATI and Philip Darke and Phillip Crout and Phome95 and Pierre Grimaud and Pooja Gadige and Pradeep Eranti and Pranav Mahajan and Przemek Dolata and Rabea M{\"{u}}ller and Rachael Ainsworth and Rachael Stickland and Radka Jersakova and Radovan Bast and Rafaela Queiroz and Rahul Thakare and Raniere Silva and Raul Palma and Reina Camacho Toro and Reinder Radersma and Remi Gau and Reshama Shaikh and Richard Gilham and Richard Plant and Risa Ueno and Robert Precious and Robin Long and Rohit Midha and Romero Silva and Rose Sisk and Rosie Higman and Rosti Readioff and SYU-NING and Samuel Guay and Samuel Nastase and Sander and Sangram K Sahu and Sara King and Sarah Gibson and Sarah Miller and Sarah Stewart and Sarah Young and SarahAlidoost and Saranjeet Kaur and Sedar Olmez and Sergi and Shankho Boron Ghosh and Sharana Shivanand and Shashank and Sian Bladon and SianC and Siba Smarak Panigrahi and Simon Christ and Simon Duerr and Siphiwe and Solon and Sophia Batchelor and Sophie J Mann and Sparkler and Srishti Nema and Stefan Janssen and Stefan Radic Webster and Stefan Verhoeven and Stephan Druskat and Stephen Eglen and Sumera Priyadarsini and Susanna-Assunta Sansone and Sven van der Burg and Tania Allard and Tarek Allam and Tess Gough and Thomas Sandmann and Thya van den Berg and Tim Head and Tim Myers and Tim Powell and Tony Yang and Trish and TueloNtlotlang and Tushar Rohilla and Varachkina and VatsalNagelia and Veronika Cheplygina and Vicky Smith and Victoria and Victoria Dominguez del Angel and WNekesa and Warrick Ball and Wiebke Toussaint and Will Hulme and Wolmar Nyberg {\r{A}}kerstr{\"{o}}m and Xiaoqing Chen and Yanina Bellini Saibene and Yash Varshney and Yini and Yo Yehudi and Yu-Fang Yang and Zeena-Shawa and ZoeIngr and abrown41 and acork25 and acrall and akira-endo and alessandroragano and alihumayun and andreabecsek and andrealuppi and annarae13 and ashatitus and beccawilson and benkrikler and brynnelliott and ceciledebezenac and claudia-belardi and daniguariso and dumei00 and ghuangcazza and giuliaok and glumand and grczh and griff-rees and harisood and hlnicholls and iramosp and irenekp and keneuoe and kgrieman and kkaryono and l-gorman and lakillo and leavanh and lottycoupat and lukehare and mahmoud-elsherif and mcnanton and merlijn-de-smit and mingyuzhuu and mishkanemes and mjcasy and msanter01 and oxpeter and pascalflohr and peterrhysstrong and rabbits99 and rachelzwalker and raptorchief and rickdkk and russellmartin321 and sallyob123 and sethsh7 and sgichuki and sliaqat3 and smasarone and snehashish-ghosh98 and srtmohan and swalkoAI and takuover and timothy22000 and tugceoruc and vasilisstav and vcpope and vhellon and yaseminturkyilmaz},
year={July 2022},
doi={10.5281/zenodo.3233853}
}

@article{example-stats,
author={Derek Richards and Angel Enrique and Nora Eilert and Matthew Franklin and Jorge Palacios and Daniel Duffy and Caroline Earley and Judith Chapman and Grace Jell and Sarah Sollesse and Ladislav Timulak },
title={A pragmatic randomized waitlist-controlled effectiveness and cost-effectiveness trial of digital interventions for depression and anxiety},
journal={Nature Digital Medicine},
year=2020, 
volume={3},
number=85,
doi={10.1038/s41746-020-0293-8}
}

@article{fair,
author={Mark D. Wilkinson and Michel Dumontier and IJsbrand Jan Aalbersberg and Gabrielle Appleton and Myles Axton and Arie Baak and Niklas Blomberg and Jan-Willem Boiten and Luiz Bonino da Silva Santos and Philip E. Bourne and Jildau Bouwman and Anthony J. Brookes and Tim Clark and Merc{\'e} Crosas and Ingrid Dillo and Olivier Dumon and Scott Edmunds and Chris T. Evelo and Richard Finkers and Alejandra Gonzalez-Beltran and Alasdair J.G. Gray and Paul Groth and Carole Goble and Jeffrey S. Grethe and Jaap Heringa and Peter A.C {'}t Hoen and Rob Hooft and Tobias Kuhn and Ruben Kok and Joost Kok and Scott J. Lusher and Maryann E. Martone and Albert Mons and Abel L. Packer and Bengt Persson and Philippe Rocca-Serra and Marco Roos and Rene van Schaik and Susanna-Assunta Sansone and Erik Schultes and Thierry Sengstag and Ted Slater and George Strawn and Morris A. Swertz and Mark Thompson and Johan van der Lei and Erik van Mulligen and Jan Velterop and Andra Waagmeester and Peter Wittenburg and Katherine Wolstencroft and Jun Zhao and Barend Mons},
title={The {FAIR} Guiding Principles for scientific data management and stewardship}, 
journal={Scientific Data},
volume=3, 
number=160018,
year=2016,
pages={1--9},
doi={10.1038/sdata.2016.18}
}

@book{notebook-patent,
title={Method and system for presenting input expressions and evaluations of the input expressions on a workspace of a computational system},
publisher={US patent no{\@.} 8,407,580~B2},
author={Theodore W. Gray and Stephen Wolfram},
year={26 March 2013}
}

@article{spec-led-design,
   title = {Specification-led Design for Interface Simulation, Collecting Use-data, Interactive Help, Writing Manuals, Analysis, Comparing Alternative Designs, etc},
   author = {Harold Thimbleby},
   year = {1999},
   pages = {241--254},
   journal = {Personal Technologies},
   url = {harold.thimbleby.net/ansim},
   volume = {4},
   doi = {10.1007/BF01885563},
   number = {2}
}

@article{BayesWave1,
	doi = {10.1088/0264-9381/32/13/135012},
	year = 2015,
	volume = {32},
	number = {13},
	pages = {135012},
	author = {Neil J. Cornish and Tyson B. Littenberg},
	title = {Bayeswave: Bayesian inference for gravitational wave bursts and instrument glitches},  
	journal = {Classical and Quantum Gravity}
}

@article{BayesWave2,
  title = {Bayesian inference for spectral estimation of gravitational wave detector noise},
  author = {Littenberg, Tyson B. and Cornish, Neil J.},
  journal = {Physics Review D},
  volume = {91},
  issue = {8},
  pages = {084034},
  year = {2015},
  doi = {10.1103/PhysRevD.91.084034},
}

@book{spark,
title={High Integrity Software: The {SPARK} Approach to Safety and Security},
year=2003,
author={John Barnes},
publisher={Addison Wesley}
}

@article{may-simple,
author={Robert M. May},
title={Simple mathematical models with very complicated dynamics},
journal={Nature},
volume=261,
year=1976,
pages={459--467},
doi={10.1038/261459a0}
}

@article{dyson,
author={Freeman Dyson},
journal={Nature},
title={A meeting with {Enrico Fermi}},
volume=427, 
pages=297,
year=2004,
doi={10.1038/427297a}
}

@book{sommerville,
author={Sommerville, I.}, title={Software Engineering}, edition={10th}, publisher={Pearson}, year=2015
}

@book{jpm-report,
title={Report of JPMorgan Chase {\&} Co{\@}. Management Task Force Regarding 2012 CIO Losses},
year=2013,
editor={Michael Cavanagh},
publisher={JPMorgan Chase {\&} Co{\@}}
}

@book{knight,
author={Knight, J.}, 
title={Fundamentals of Dependable Computing for Software Engineers}, publisher={CRC Press}, year=2012
}

@book{computational-thinking,
title={The Power of Computational Thinking},
author={Peter William McOwen and Paul Curzon},
publisher={World Scientific Publishing},
year=2020
}

@article{computational-thinking-wing,
title={Computational thinking and thinking about computing},
author={Jeannette M. Wing},
journal={Philosophical Transactions of the {Royal Society A}: {M}athematical, Physical and Engineering Sciences},
volume=366,
number=1881,
year=2008,
pages={3717--3725},
doi={10.1098/rsta.2008.0118}
}

@article{jpm,
title={The {JP Morgan} ``{Whale}'' Report and the Ghosts of the Financial Crisis},
author={Ben W. {Heineman, Jr.}},
year=2013,
journal={Harvard Business Review},
url={https://hbr.org/2013/01/the-jp-morgan-whale-report-and}
}

@article{engima,
title = "Human Factors and missed solutions to {Enigma} design weaknesses",
  doi = {10.1080/01611194.2015.1028680},
  journal = {Cryptologia},
  number = 2,
  pages = {177--202},
  volume = 40,
  year = 2016,
 author={Harold Thimbleby}
}

@article{BayesWave3,
    author = "Cornish, Neil J. and Littenberg, Tyson B. and 
    B{\'e}csy, Bence and Chatziioannou, Katerina and Clark, James A. and Ghonge, Sudarshan and Millhouse, Margaret",
    title = "{BayesWave analysis pipeline in the era of gravitational wave observations}",
    doi = "10.1103/PhysRevD.103.044006",
    journal = "Physics Review D",
    volume = "103",
    number = "4",
    pages = "044006",
    year = "2021"
}

@booklet{BayesWaveCode,
	title = {Bayeswave},  
	url = {https://git.ligo.org/lscsoft/bayeswave},
	year = 2023,
	author={Adam Mercer and Bence B{\'e}csy  and Duncan Macleod and James Alexander Clark  and Katerina Chatziioannou and Marcella Wijngaarden and Meg Millhouse and Sophie Hourihane and Sudarshan Ghonge and Tyson Littenberg},
}

@book{knitr,
title={Dynamic Documents with {R} and knitr},
edition={Second},
author={Yihui Xie},
publisher={CRC},
year=2015
}

@book{mathematica1ed,
title={Mathematica: A System for Doing Mathematics by Computer}, 
edition={First},
author={Stephen Wolfram},
year=1988,
url={https://reference.wolfram.com/legacy/v1}
}

@article{elns,
journal={Journal of  Laboratory Automation},
volume=18,
number=4,
pages={264--268}, 
year=2013,
title={Electronic laboratory notebooks progress and challenges in implementation},
author={Hari K. Machina and David J. Wild},
doi={0.1177/2211068213484471}
}

@book{nih-policy,
title={Final {NIH} Policy for Data Management and Sharing},
author={{National Institutes of Health}},
volume={NOT-OD-21-013},
year={2020; effective date
January 25, 2023},
url={grants.nih.gov/grants/guide/notice-files/NOT-OD-21-013.html},
publisher={Office of The Director, National Institutes of Health}
}

@article{nih-nature,
title={{NIH} issues a seismic mandate: {Share} data publicly},
year={16 February 2022},
author={Max Kozlov},
journal={Nature},
url={www.nature.com/articles/d41586-022-00402-1}
}

@book{essence-of-software,
author={Daniel Jackson},
title={The Essence of Software},
publisher={Princeton University Press},
locqtion={Princeton, NJ},
year=2021
}

@article{nature-review,
title="How to fix your scientific coding errors",
author="Jeffrey M. Perkel",
journal={Nature},
year=2022,
volume=602,
pages={172--173},
doi={10.1038/d41586-022-00217-0}
}

@article{prisma,
author={Matthew J. Page and Joanne E. McKenzie and Patrick M. Bossuyt and Isabelle Boutron and Tammy C. Hoffmann and Cynthia D. Mulrow and Larissa Shamseer and Jennifer M. Tetzlaff and Elie A. Akl and Sue E. Brennan and Roger Chou and Julie Glanville and Jeremy M. Grimshaw and Asbj{\o o}rn Hr{\'o o}bjartsson and Manoj M. Lalu and Tianjing Li and Elizabeth W. Loder and Evan Mayo-Wilson and Steve McDonald and Luke A. McGuinness and Lesley A. Stewart and James Thomas and Andrea C. Tricco and Vivian A. Welch and Penny Whiting and David Moher},
title={The {PRISMA} 2020 statement: {An} updated guideline for reporting systematic reviews},
journal={Systematic Reviews},
volume=10, 
number=89,
pages={1--11},
year=2021,
doi={10.1186/s13643-021-01626-4}
}

@booklet{actr,
title="{ACT-R}",
url="act-r.psy.cmu.edu/software",
author="{ACT-R Research Group}",
year=2022
}

@article{psychological-modeling,
title={How Computational Modeling Can Force Theory Building in Psychological Science},
author={Olivia Guest and Andrea E. Martin},
doi={10.1177/1745691620970585},
volume= 16,
number= 4, 
pages= {789--802},
year=2021,
journal={Perspectives on Psychological Science}
}

@book{assessing-quality,
title={Assessing the Quality of Scientific Software},
author={Diane Kelly and Rebecca Sanders},
publisher={First International Workshop on Software Engineering For Computational Science and Engineering {(see \cite{assessing-quality-conference}})},
location={Leipzig},
url={citeseerx.ist.psu.edu/viewdoc/summary?doi=10.1.1.526.5076},
year=2008
}

@article{se-bias,
title={Bias in Computer Systems},
author={Batya Friedman and Helen Nissenbaum},
journal={ACM Transactions on Information Systems}, 
volume=14, 
number=3, 
year=1996, 
pages={330--347},
doi = {10.1145/230538.230561}
}

@article{assessing-quality-conference,
title={First International Workshop on Software Engineering for Computational Science {\&} Engineering},
author={Jeffrey C. Carver},
journal={Computing in Science {\&} Engineering},
volume=11, 
number=2,
year=2009,
pages={7--11},
doi={10.1109/MCSE.2009.30}
}

@book{abelson,
author={Abelson, R. P.},
title={Statistics as Principled Argument}, 
publisher={Lawrence Erlbaum Associates}, 
year=1995
} 

@article{ABCs-SE, 
author = {Stol, Klaas-Jan and Fitzgerald, Brian}, 
title = {The {ABC} of Software Engineering Research}, 
year = {2018},  pages={1--51},
publisher = {Association for Computing Machinery}, 
volume = {27}, number = {3}, issn = {1049-331X}, doi = {10.1145/3241743}, 
journal = {ACM Transactions on Software Engineering and Methodology}
}

@article{basic-reproducibilty,
  author={Hinsen, Konrad},
  journal={Computing in Science {\&} Engineering}, 
  title={Software Development for Reproducible Research}, 
  year={2013},
  volume={15},
  number={4},
  pages={60--63},
  doi={10.1109/MCSE.2013.91}
}

@article{MMR-fraud,
title={Wakefield's article linking {MMR} vaccine and autism was fraudulent},
doi={10.1136/bmj.c7452},
journal={BMJ},
year=2011,
volume=342,
number={c7452},
author={Fiona Godlee and Jane Smith and Harvey Marcovitch}
}

@article{form,
title={Crucial Computer Program for Particle Physics at Risk of Obsolescence},
journal={Quanta Magazine},
year=2022,
author={Matt von Hippel},
url={www.quantamagazine.org/crucial-computer-program-for-particle-physics-at-risk-of-obsolescence-20221201}
}

@article{open-source,
author="S. Fomel", 
title="Reproducible Research as a Community Effort: {Lessons} from the {Madagascar Project}", 
journal={Computing in Science {\&} Engineering}, volume=17, number=1, pages={20--26}, 
year=2015, 
doi="10.1109/MCSE.2014.94"
}

@article{machine-learning-reproducibility,
  author={Harold Thimbleby},
  title = {Give your computer's {IQ} a boost --- {{\emph{{Journal of Machine Learning Research}}}}},
  journal = "Times Higher Education Supplement",
  url = "www.timeshighereducation.co.uk/story.asp?sectioncode=26&storycode=176549",
  year = "9 May, 2004"
}

@article{chinese,
  author={Harold Thimbleby},
  title = "The {Directed Chinese Postman} Problem",
  doi = {10.1002/spe.540},
  journal = "Software --- Practice {\&} Experience",
  number = 11,
  pages = {1081--1096},
  url = {harold.thimbleby.net/cpp/index.html},
  volume = 33,
  year = 2003
}

@booklet{parliamentary-evidence,
title={The {UK} response to covid-19: {Use} of scientific advice},
number={First Report of Session 2019--21},
year={16 December 2020},
volume={HC 136},
publisher={House of Commons},
author={{House of Commons Science and Technology Committee}},
url={committees.parliament.uk/publications/4165/documents/41300/default}}

% RS bst file can't cope with crossref etc...
%    crossref = {parliamentary-evidence},
@book{my-parliamentary-evidence,
title={Written Evidence Submitted by {Harold Thimbleby} to The {UK} response to covid-19: {Use} of scientific advice},
number={C190005},
author={Harold Thimbleby},
url={committees.parliament.uk/work/91/default/publications/written-evidence/?SearchTerm=thimbleby},
    year={29 April 2020},
    publisher={{House of Commons Science and Technology Committee}  {(see \cite{parliamentary-evidence})}}
}

@article{cite-code,
title={Recognizing the value of software: {A} software citation guide [version 2; peer review: 2 approved] {Previously} titled: ``{The} importance of software citation''{\hskip 0pt}},
author={Daniel S. Katz and Neil P. Chue Hong and Tim Clark and August Muench and Shelley Stall and Daina Bouquin and Matthew Cannon and Scott Edmunds and Telli Faez and Patricia Feeney and Martin Fenner and Michael Friedman and Gerry Grenier and Melissa Harrison and Joerg Heber and Adam Leary and Catriona MacCallum and Hollydawn Murray and Erika Pastrana and Katherine Perry and Douglas Schuster and Martina Stockhause and Jake Yeston},
journal={F1000Research},
year=2021, 
volume=9,
number=1257,
doi={10.12688/f1000research.26932.2}
}

@article{excel-fiasco,
author={Harold Thimbleby},
journal={BMJ},
year=2020,
title={The problem isn't {Excel}, it's unprofessional software engineering},
doi={10.1136/bmj.m4181},
volume={371},
number={m4181}
}

@article{preclinical-reproducibility,
title={The Economics of Reproducibility in Preclinical Research},
author={Leonard P. Freedman and Iain M. Cockburn and Timothy S. Simcoe},
year=2015,
journal={PLOS Biology},
volume=13,
number=6,
pages="e1002165",
doi={10.1371/journal.pbio.1002165}
}

@article{science-delays,
title={Could too much time between doses drive the coronavirus to outwit vaccines?},
author={Meredith Wadman},
journal={Science},
year=2021,
doi={10.1126/science.abg5655}
}

@article{whitty,
author={Whitty, C. J. M.}, 
title={What makes an academic paper useful for health policy?}, 
journal={BMC Medicine},
year=2015,
volume={13},
pages=301, doi={10.1186/s12916-015-0544-8}
}

@article{Ben,
author={Shneiderman, B.}, 
title={Opinion: {The} dangers of faulty, biased, or malicious algorithms requires independent oversight}, journal={Proceedings National Academy of Sciences},
year=2016, volume={113},
number=48,
pages={13538--13540}, 
doi={10.1073/pnas.1618211113}
}

@article{nvp-ferguson,
	author = {Halloran, M. Elizabeth and Ferguson, Neil M. and Eubank, Stephen and Longini, Ira M. and Cummings, Derek A. T. and Lewis, Bryan and Xu, Shufu and Fraser, Christophe and Vullikanti, Anil and Germann, Timothy C. and Wagener, Diane and Beckman, Richard and Kadau, Kai and Barrett, Chris and Macken, Catherine A. and Burke, Donald S. and Cooley, Philip},
	title = {Modeling targeted layered containment of an influenza pandemic in the {United States}},
	volume = {105},
	number = {12},
	pages = {4639--4644},
	year = {2008},
	doi = {10.1073/pnas.0706849105},
	publisher = {National Academy of Sciences},
	issn = {0027-8424},
	URL = {www.pnas.org/content/105/12/4639},
	eprint = {www.pnas.org/content/105/12/4639.full.pdf},
	journal = {Proceedings of the National Academy of Sciences}
}

@article{ourReview,
author={Ladkin, P. B. and Littlewood, B. and Thimbleby, H. and Thomas, M.}, 
title={The {Law Commission} presumption concerning the dependability of computer evidence}, 
journal={Digital Evidence and Electronic Signature Law Review},
year= 2020, volume={17}, pages={1--14},
doi={10.14296/deeslr.v17i0.5143}}

@book{landauer,
title={The Trouble with Computers: {Usefulness}, Usability, and Productivity},
author={Thomas K. Landauer},
publisher={MIT Press},
year=1995
}

@article{thimbleby-landauer,
   title = {The Trouble with Computers: {Usefulness}, Usability, and Productivity (by {Thomas} {K.~Landauer})},
   author = {Harold Thimbleby},
   year = {1996},
   pages = {265--276},
   journal = {Computational Linguistics},
   volume = {22},
   number = {2}
}

@article{science-review,
author={Heesterbeek, H. and Anderson, R. M. and Andreasen, V. and Viggo Andreasen and Shweta Bansal and Daniela De Angelis and Chris Dye and Ken T. D. Eames and W. John Edmunds and Simon D. W. Frost and Sebastian Funk and T. Deirdre Hollingsworth and Thomas House and Valerie Isham and Petra Klepac and Justin Lessler and James O. Lloyd-Smith and C. Jessica E. Metcalf and Denis Mollison and Lorenzo Pellis and Juliet R. C. Pulliam and Mick G. Roberts and Cecile Viboud and {Isaac Newton Institute IDD Collaboration}},
title={Modeling infectious disease dynamics in the complex landscape of global health}, journal={Science},
year= 2015, volume={347}, number=6227, 
pages={265--270}, doi={10.1126/science.aaa4339}
}

@article{diagnosis-reviews,
author={Wynants, Laure and Van Calster, Ben and Bonten, Marc M. J. and Collins, Gary S. and Debray, Thomas P. A. and De Vos, Maarten and Haller, Maria C. and Heinze, Georg and Moons, Karel G. M. and Riley, Richard D. and Schuit, Ewoud and Smits, Luc J. M. and Snell, Kym I. E. and Steyerberg, Ewout W. and Wallisch, Christine and van Smeden, Maarten},
title={Prediction models for diagnosis and prognosis of covid-19 infection: {Systematic} review and critical appraisal}, journal={BMJ}, year=2020, volume={369}, number={m1328}, doi={10.1136/bmj.m1328}
}

@article{tripod,
author={Moons, K. G. and Altman, D. G. and Reitsma, J. B. and Ioannidis, J. P. and Macaskill, P. and Steyerberg, E. W. and Vickers, A. J. and Ransohoff, D. F. and Collins, G. S.}, title={Transparent Reporting of a multivariable prediction model for Individual Prognosis or Diagnosis ({TRIPOD}): {Explanation} and elaboration}, journal={Annals of Internal Medicine}, year= 2015, volume={162}, number=1, pages={W1--73}, 
doi={10.7326/M14-0698}
}

@article{thumbs-up,
author={D. S. Chawla}, year={8 June 2020}, title={Critiqued coronavirus simulation gets thumbs up from code-checking efforts}, 
journal={Nature}, 
url={www.nature.com/articles/d41586-020-01685-y},
volume=582,
pages={323--324}
}

@article{NVP,
  author={L. {Hatton} and A. {Roberts}},
  journal={IEEE Transactions on Software Engineering}, 
  title={How accurate is scientific software?}, 
  year={1994},
  volume={20},
  number={10},
  pages={785--797},
  doi={10.1109/32.328993}
}

@book{preventable-book,
author={Devi Sridhar},
title={Preventable: {How} a Pandemic Changed the World {\&} How to Stop the Next One},
year=2022,
publisher={Viking}  
}

@article{ferguson-resign,
author={Beckie Smith},
year={6 May 2020},
title="{SAGE} adviser {Neil Ferguson }quits over coronavirus lockdown breach",
url={www.civilserviceworld.com/professions/article/sage-adviser-neil-ferguson-quits-over-coronavirus-lockdown-breach#:~:text=SAGE%20adviser%20Neil%20Ferguson%20quits%20over%20coronavirus%20lockdown%20breach,-Epidemiologist%20says%20he&text=Professor%20Neil%20Ferguson%2C%20one%20of,resigned%20after%20breaching%20lockdown%20rules},
journal={Civil Service World},
}

@booklet{codecheck,
title={Codecheck confirms reproducibility of {COVID-19} model results},
author={Andrew Scheuber and Sabine L. {van Elsland}},
year={1 June 2020},
url={www.imperial.ac.uk/news/197875/codecheck-confirms-reproducibility-covid-19-model-results},
publisher={Imperial College}
}

@booklet{codecheck-certificate,
title={{CODECHECK} certificate 2020-010 for paper: {Report} 9: impact of non-pharmaceutical interventions ({NPIs}) to reduce {COVID-19} mortality and healthcare demand},
author={Stephen J. Eglen},
year=2020,
url={github.com/codecheckers/covid-report9},
doi={10.5281/zenodo.3865491}
}

@article{nature-summary,
author={Adam, D.}, 
title={Modelling the pandemic: {The} simulations driving the world's response to {COVID}-19}, 
journal={Nature}, 
year=2020, 
volume={580}, 
pages={316--318}, 
doi={10.1038/d41586-020-01003-6}}

@booklet{ICmodel,
author={Neil M. Ferguson and Daniel Laydon and Gemma Nedjati-Gilani and
Natsuko Imai and Kylie Ainslie and Marc Baguelin and Sangeeta Bhatia
and Adhiratha Boonyasiri and Zulma Cucunub{\'a} and Gina
Cuomo-Dannenburg and Amy Dighe and Ilaria Dorigatti and Han Fu and
Katy Gaythorpe and Will Green and Arran Hamlet and Wes Hinsley and 
Lucy C. Okell and Sabine van Elsland and Hayley Thompson and Robert 
Verity and Erik Volz and Haowei Wang and Yuanrong Wang and Patrick G. T. 
Walker and Caroline Walters and Peter Winskill and Charles Whittaker 
and Christl A. Donnelly and Steven Riley and Azra C. Ghani}, title={Impact of non-pharmaceutical interventions ({NPI}s) to reduce {COVID}-19 mortality and healthcare demand}, url={www.imperial.ac.uk/media/imperial-college/medicine/sph/ide/gida-fellowships/Imperial-College-COVID19-NPI-modelling-16-03-2020.pdf}, year={16 March 2020}
}

@article{avianFluModel,
author={Ferguson, N. M. and Cummings, D. A. T. and Fraser, C. and Cajka, J. C. and Cooley, P. C. and Burke, D. S.}, title={Strategies for containing an emerging influenza pandemic in {Southeast Asia}}, journal={Nature}, year=2005, volume={437}, pages={209--214}, doi={10.1038/nature04017}
}

@article{originalICmodel,
author={Ferguson, N. M. and Cummings, D. A. T. and Fraser, C. and 
James C. Cajka and Philip C. Cooley and Donald S. Burke}, title={Strategies for mitigating an influenza pandemic}, journal={Nature}, year=2006, volume={442}, pages={448--452}, doi={10.1038/nature04795}
}

@booklet{tweet,
author={Ferguson, N.}, title={Tweet}, url={twitter.com/neil_ferguson/status/1241835454707699713}, 
year={22 March 2020}
}

@article{ferguson-interview,
author={Leake, J.}, title={{Neil Ferguson} interview: {No} 10's infection guru recruits game developers to build coronavirus pandemic model}, journal={The Sunday Times}, year={29 March 2020}, url={www.thetimes.co.uk/article/neil-ferguson-interview-no-10s-infection-guru-recruits-game-developers-to-build-coronavirus-pandemic-model-zl5rdtjq5}
}

@booklet{refactoring,
author={Ferguson, N.}, title={Tweet}, url={twitter.com/neil_ferguson/status/1241835456947519492}, year={22 March 2020}
}

@article{bad-code,
author={Richards, D. and Boudnik, K.}, 
title={{Neil} {Ferguson's} {Imperial} model could be the most devastating software mistake of all time}, 
journal={The Telegraph}, 
year={16 May 2020}, 
url={www.telegraph.co.uk/technology/2020/05/16/neil-fergusons-imperial-model-could-devastating-software-mistake}
}

@article{flu-model,
author={Sander, B. and Nizam, A. and {Garrison Jr}, L. P. and Postma, M. J. and Halloran, M. E. and {Longini Jr}, I. M.}, 
title={Economic evaluation of influenza pandemic mitigation strategies in the {US} using a stochastic microsimulation transmission model}, journal={Value Health}, year=2009, volume={12}, number=2, pages={226--233}, doi={10.1111/j.1524-4733.2008.00437.x}
}

@book{a=b,
author={Marko Petkovsek and Herbert Wilf and Doron Zeilberger},
url={www2.math.upenn.edu/~wilf/AeqB.html},
title={{$A=B$}},
publisher={A~K~Peters. Ltd.},
year=1996
}

@article{pseudo,
author={Zlojutro, A. and Rey, D. and Gardner, L.}, 
title={A decision-support framework to optimize border control for global outbreak mitigation}, 
journal={Nature Scientific Reports}, 
year=2019, 
volume={9}, 
number=2216, 
doi={10.1038/s41598-019-38665-w}
}

@article{relit,
author={Thimbleby, H. and Williams, D.}, 
title={A tool for publishing reproducible algorithms {\&} {A} reproducible, elegant algorithm for sequential experiments}, journal={Science of Computer Programming}, year= 2018, volume={156}, pages={45--67}, doi={10.1016/j.scico.2017.12.010}, 
url={GitHub.com/haroldthimbleby/relit}
}

@article{unfinished,
author={Stephen M. Kissler and Christine Tedijanto and Edward Goldstein and Yonatan H. Grad and Marc Lipsitch},
title={Projecting the transmission dynamics of {SARS-CoV-2} through the postpandemic period}, journal={Science}, year=2020, doi={10.1126/science.abb5793},
volume=368, 
number=6493,
pages={860--868}
}

@booklet{science-statistics-recommendations,
title="Science Journals: editorial policies",
year=2022,
url={https://www.science.org/content/page/science-journals-editorial-policies}
}

@article{lancet-unfinished,
author={Verity and R. and Okell and L. C. and Dorigatti and I. Peter Winskill and Charles Whittaker and Natsuko Imai and Gina Cuomo-Dannenburg and Hayley Thompson and Patrick G. T. Walker and Han Fu and Amy Dighe and Jamie T. Griffin and Marc Baguelin and Sangeeta Bhatia and Adhiratha Boonyasiri and Anne Cori and Zulma Cucunub{\' a} and Rich FitzJohn and Katy Gaythorpe and Will Green and Arran Hamlet and Wes Hinsley and Daniel Laydon and Gemma Nedjati-Gilani and Steven Riley and Sabine van Elsland and Erik Volz and Haowei Wang and Yuanrong Wang and Xiaoyue Xi and Christl A. Donnelly and Azra C. Ghani and Neil M. Ferguson},
title={Estimates of the severity of coronavirus disease 2019:
{A} model-based analysis}, journal={Lancet}, 
volume=20, 
number=6,
pages={669--677},
year=2020, doi={10.1016/S1473-3099(20)30243-7}
}

@article{hoare,
author={Hoare, C. A. R.}, title={An axiomatic basis for computer programming}, journal={Communications of the ACM}, year=1969, volume={12}, number=10, pages={576--580}, doi={10.1145/363235.363259}
}

%booktitle={FME'96: Industrial Benefit and Advances in Formal Methods},

@inproceedings{hoare-unreasonable,
title="How did software get so reliable without proof?",
author={Hoare, C. A. R.}, 
booktitle={Lecture Notes in Computer Science},
volume=1051,
pages={1--17},
editors={Gaudel, M. C. and Woodcock, J.},
publisher={Springer}, 
location={Berlin, Heidelberg},
doi={10.1007/3-540-60973-3_77},
year=1996
}

@article{notebooks,
author={Schnell, S.}, 
title={Ten Simple Rules for a Computational Biologist's Laboratory Notebook}, 
journal={PLoS Computational Biology}, 
year=2015, volume={11}, number=9, pages={e1004385}, 
doi={10.1371/journal.pcbi.1004385}
}

@article{fair-principles,
title={Ten simple rules for getting and giving credit for data},
author={Elisha M. Wood-Charlson and Zachary Crockett and Chris Erdmann and Adam P. Arkin and Carly B. Robinson},
journal={PLoS Computational Biology},
volume=18,
number=9,
pages={e1010476},
doi={10.1371/ journal.pcbi.1010476},
year=2022
}

@inproceedings{dataset-graphs,
title={Same Stats, Different Graphs: Generating Datasets with Varied Appearance and Identical Statistics through Simulated Annealing},
author={Justin Matejka and George Fitzmaurice},
booktitle={CHI'17: Proceedings of the 2017 CHI Conference on Human Factors in Computing Systems},
year=2017, 
pages={1290--1294},
doi={10.1145/3025453.3025912}
}

@book{popper-conjectures-refutations,
author={Popper, K. R.}, title={Conjectures and Refutations: {The} Growth of Scientific Knowledge}, 
edition={2nd}, publisher={Routledge}, year=2002}

@article{critiques,
author={Sayburn, A.}, title={Covid-19: {Experts} question analysis suggesting half {UK} population has been infected}, journal={BMJ}, year=2020, volume={368}, pages={m1216}, doi={10.1136/bmj.m1216}
}

@book{knuth,
author={Knuth, D. E.}, title={The Art of Computer Programming (Seminumerical Algorithms)}, volume={2}, edition={3rd}, publisher={Addison-Wesley}, year=1998
}

@article{LP,
author={Knuth, D. E.}, 
year=1984,
title={Literate Programming},
journal={The Computer Journal},
volume=27,
number=2,
pages={97--111},
doi={10.1093/comjnl/27.2.97}
}

@article{over-fit,
journal={Journal of Chemical Information and Modeling},
year=2004, 
volume=44, 
pages={1--12},
title={The Problem of Overfitting},
author={Douglas M. Hawkins},
doi={10.1021/ci0342472}
}

@book{LP-book,
author={Knuth, D. E.}, 
title={Literate programming}, series={{CSLI} Lecture Notes}, publisher={Center for the Study of Language and Information Publication}, year=1992, volume={27}, location={Stanford, {CA}}
}

@book{fixit,
author={Harold Thimbleby}, title={Fix IT: How to see and solve the problems of digital healthcare}, publisher={Oxford University Press}, year=2021
}

@article{cbc,
author={Woodcock, J. C. P. and Larsen, P. G. and Bicarregui, J. C. and Fitzgerald, J. S.}, title={Formal methods: {Practice} and experience}, journal={ACM Computing Surveys}, year=2009, volume={41}, number=4, pages={1--36}, doi={10.1145/1592434.1592436}
}

@book{ethics-code,
author={ACM}, 
title={Code of Ethics and Professional Conduct}, 
url={www.acm.org/code-of-ethics}, 
note={Accessed 23 April 2020}, year=2020,
publisher={ACM}
}

@book{acm-artifacts,
author={ACM}, 
title={Artifact Review and Badging --- Current},
volume={Version 1.1},
year=2020,
url={www.acm.org/publications/policies/artifact-review-and-badging-current},
publisher={ACM}
}

@book{Spiegelhalter,
author={Spiegelhalter, D.},
title={The Art of Statistics: Learning from Data}, 
publisher={Pelican Books}, 
year=2019
}

@inproceedings{paul-hci,
title={{HCI}{\ldots} not as it should be: inferential statistics in {HCI} research},
author={Paul Cairns},
booktitle={BCS-HCI '07: Proceedings of the 21st {British} {HCI} {Group} Annual {Conference on People and Computers}: {HCI}{\ldots} but not as we know it},
volume=1,
year=2007,
pages={195--201}
}

@article{pnas-stats,
title={Revised standards for statistical evidence},
author={Valen E. Johnson},
journal={Proceedings National Academy of Sciences},
year=2013,
volume=110,
number=48,
pages={19313--19317},
doi={10.1073/pnas.1313476110}
}

@book{apa-statistics,
author={Stephanie Glen},
title={Reporting Statistics APA Style},
booktitle={Elementary Statistics for the rest of us!},
publisher={Statistics How To},
url={www.statisticshowto.com/probability-and-statistics/reporting-statistics-apa-style},
year=2022
}

@article{Mariusz-reporting,
	author = {Cicho{\'n}, Mariusz},
	year = {2020},
	doi = {10.1007/s43440-020-00110-5},
	journal = {Pharmacological Reports},
	number = {3},
	pages = {481--485},
	title = {Reporting statistical methods and outcome of statistical analyses in research articles},
	volume = {72}
}

@article{popper-three-worlds,
author={Popper, Karl},
year=1978,
title={Three Worlds},
journal={The Tanner Lecture on Human Values},
note={The University of Michigan}
}

@book{sciences-artificial,
author={H. A. Simon},
publisher={MIT Press},
edition={3rd.},
title={The Sciences of the Artificial},
year=2019
}

@inproceedings{redmill,
author={Redmill, F.}, 
title={Understanding the Use, Misuse and Abuse of Safety Integrity Levels}, 
note={Revised}, booktitle={Lessons in System Safety, Eighth Safety-critical Systems Symposium}, 
editors={Redmill, F. and Anderson, T.}, year=2000, url={homepages.cs.ncl.ac.uk/felix.redmill/publications/1%20SILs.pdf}
}

@article{assurance-case,
year=2020,
title={Enhancing {COVID-19} decision making by creating an assurance case for epidemiological models},
author={Ibrahim Habli and Rob Alexander and Richard Hawkins and Mark Sujan and John McDermid and Chiara Picardi and Tom Lawton},
journal={BMJ Health {\&} Care Informatics},
volume=27,
number={e100165},
doi={10.1136/bmjhci-2020-100165},
pages={1--5}
}

@booklet{iec61508,
title={{IEC 61508:2010 CMV} Commented version, Functional safety of electrical/electronic/programmable electronic safety-related systems}, 
year=2010, 
url={webstore.iec.ch/publication/22273},
publisher={{International Electrotechnical Commission (IEC)}},
author={{IEC Technical Committee TC 65}}
}

@article{reproducibility,
author={Benureau, F. C. Y. and Rougier, N. P.}, 
title={Re-run, Repeat, Reproduce, Reuse, Replicate: {Transforming} Code into Scientific Contributions}, journal={Frontiers in Neuroinformatics}, year=2018, volume={11}, number=69, doi={10.3389/fninf.2017.00069}
}

@article{devices,
author={Zhang, Y. and Masci, P. and Jones, P. and Thimbleby, H.}, title={User Interface Software Errors in Medical Devices}, journal={Biomedical Instrumentation {\&} Technology}, year=2019, volume={53}, number=3, pages={182--194},
doi={10.2345/0899-8205-53.3.182}
}

@book{hamming,
author={Hamming, R. W.}, title={Numerical Methods for Scientists and Engineers}, publisher={Dover Publications Inc.}, year=1987
}


