@article{vancouver,
author={{Vancouver Group}}, 
title={Uniform requirements for manuscripts submitted to biomedical journals}, 
journal={JAMA}, year=1997, volume={277},
number=11,
pages={927--934}, doi={10.1001/jama.1997.03540350077040}
}

@book{ziman,
title={Reliable Knowledge: An Exploration of the Grounds for Belief in Science },
author={J. M. Ziman},
publisher={Cambridge University Press},
edition={1st},
year=1979
}

@article{ai-ethics,
author={Misselhorn, C.},
title={Artificial Morality. {Concepts}, Issues and Challenges},
journal={Social Science and Public Policy},
volume=55,
pages={161--169},
year=2018,
doi={10.1007/s12115-018-0229-y}
}

@article{differential-equations,
title={Trusting computations: {A} mechanized proof from partial differential equations to actual program},
author={Sylvie Boldo and Fran{\c{c}}ois Cl{\'{e}}ment and Jean-Christophe Filli{\^{a}}tre and Micaela Mayero and Guillaume Melquiond and Pierre Weis},
journal={Computers and Mathematics with Applications},
year=2014,
volume=68,
pages={325--352},
doi={10.1016/j.camwa.2014.06.004}
}

@book{swebok,
editor={P. Bourque and R.E. Fairley}, 
title={Guide to the Software Engineering Body of Knowledge}, 
number={Version 3.0}, 
publisher={IEEE Computer Society},
year={2014},
url={www.swebok.org}
}

@book{flexibility,
  author={Chris Hanson and Gerald Jay Sussman},
  title={Software design for flexibility: How to avoid programming yourself into a corner},
  publisher={MIT Press},
  year=2021
}

@article{latex-calculus,
title={The {\texttt{calculator}} and {\texttt{calculus}} packages: {Arithmetic} and functional calculations inside {\LaTeX}},
journal={TUGboat}, 
volume=33,
year=2012,
number=3,
pages={265--271},
author={Robert Fuster}
}

@book{RS-policy,
doi={10.25504/FAIRsharing.dIDAzV},
year=2022,
title={Data sharing and mining},
author={Phil Hurst},
publisher={Royal Society}
}

@article{viruses,
  title = "A Framework for Modelling {Trojans} and Computer Virus Infection",
  author = "H. Thimbleby and S. O. Anderson and Paul Cairns",
  doi = {10.1093/comjnl/41.7.444},
  journal = "Computer Journal",
  number = 7,
  pages = {444--458},
  volume = 41,
  year = 1999
}

@article{strachey,
author={Strachey, C.},
title={Fundamental Concepts in Programming Languages},
journal={Higher-Order and Symbolic Computation},
volume=13,
pages={11--49},
year={2000},
doi={10.1023/A:1010000313106}
}

@book{cosmos,
author={Susan Stepney and Fiona A. C. Polack and Kieran Alden and Paul S. Andrews and James L. Bown and Alastair Droop and Richard B. Greaves and Mark Read and Adam T. Sampson and Jon Timmis and Alan F. T. Winfield},
title={Engineering Simulations as Scientific Instruments: A Pattern Language}, 
publisher={Springer}, 
year=2018
}

@book{henderson,
author={Peter Henderson},
title={Functional Programming: Application and Implementation},
publisher={Prentice-Hall International},
series={Computer Science},
year=1980
}

@book{wpf,
author={Zeller, A.}, title={Why Programs Fail: A Guide to Systematic Debugging}, publisher={Morgan Kaufmann}, year=2006
}

@book{humphrey,
author={Humphrey, W. S.}, title={PSP: A Self-Improvement Process for Software Engineers}, publisher={Addison Wesley}, year=2005
}

@book{managers,
author={Humphrey, W. S.}, title={Winning with Software: An Executive Strategy}, publisher={Addison-Wesley Professional}, year=2001
}

@article{heedless,
author={Thimbleby, H.}, title={Heedless Programming: Ignoring Detectable Error is a Widespread Hazard}, journal={Software --- Practice {\&} Experience}, year=2012, volume={42}, number=11, pages={1393--1407}, doi={10.1002/spe.1141}
}

@article{plos,
author={Chao, D. L. and Halloran, M. E. and Obenchain, V. J. and {Longini Jr}, I. M.}, 
title={{FluTE}, a Publicly Available Stochastic Influenza Epidemic Simulation Model}, 
journal={PLOS Computational Biology}, year=2010, volume={6}, number=1, 
pages={e1000656}, 
doi={10.1371/journal.pcbi.1000656}, 
note={Source code available at \url{GitHub.com/dlchao/FluTE}}
}

@book{excel1,
author={Abir, M. and Nelson, C. and Chan, E. W. and  Al-Ibrahim, H. and Cutter, C. and Patel, K. and Bogart, A.}, 
title={{RAND} Critical Care Surge Response Tool: {An} Excel-Based Model for Helping Hospitals Respond to the {COVID-19} Crisis}, 
publisher={RAND Corporation}, year=2020, 
url={www.rand.org/pubs/tools/TLA164-1.html}
}

@article{excel2,
author={Alvarez, N. M. and Gonzalez-Gonzalez, E. and Trujillo-de Santiago, G.}, title={Modeling {COVID-19} epidemics in an Excel spreadsheet: {Democratizing} the access to first-hand accurate predictions of epidemic outbreaks}, 
journal={MedRxiv}, note={Preprint}, year=2020, 
doi={10.1101/2020.03.23.20041590}
}

@book{npm,
author={Isaac Z. Schlueter}, title={Blog: kik, left-pad, and npm}, year={23 March 2016}, note={Accessed 10 April 2020}, url={blog.npmjs.org/post/141577284765/kik-left-pad-and-npm}, publisher={NPM Blog}
}

@book{hci1,
author={Shneiderman, B. and Plaisant, C. and Cohen, M. and {\emph{et al}}}, title={Designing the User Interface: Strategies for Effective Human-Computer Interaction}, edition={6th}, publisher={Pearson}, year=2016, url={www.cs.umd.edu/hcil/DTUI6}
}

@book{hci2,
author={Thimbleby, H.}, title={Press On: Principles of Interaction Programming}, publisher={MIT Press}, year=2007
}

@book{iso,
author={{ISO/IEC JTC 1/SC 7  Software and systems engineering Committees}}, publisher={International Organization for Standardization (ISO)}, title={Software engineering --- Guidelines for the application of ISO 9001:2015 to computer software}, year=2015, url={www.iso.org/standard/74348.html}
}

@book{178C,
author={{RTCA Committee SC-205}}, title={DO-178C --- Software Considerations in Airborne Systems and Equipment Certification}, url={my.rtca.org/NC__Product?id=a1B36000001IcmqEAC}, publisher={RTCA}, year={2011}
}

@book{security-engineering,
author={Anderson, R.}, title={Security Engineering}, publisher={Wiley}, edition={3rd}, year=2020
}

@article{cyber-cacm,
author={Shostack, A. and Zurko, M. E.}, title={Secure Development Tools and Techniques Need More Research That Will Increase Their Impact and Effectiveness in Practice}, journal={Communications of the ACM}, year=2020, volume={63}, number=5, pages={39--41}, doi={10.1145/3386908}
}

@book{Schneier,
author={Schneier, B.}, title={Click Here To Kill Everybody --- Security and Survival in a Hyper-connected World},  publisher={W. W. Norton {\&} Company, Inc}, year=2018, location={New York, United States}
}

@book{electronic-evidence,
author={Mason, S. and Seng, D.}, title={Electronic Evidence}, edition={4th}, publisher={Humanities Digital Library}, year=2017, doi={10.14296/517.9781911507079},
note={(NB See \url{humanities-digital-library.org/index.php/hdl/catalog/book/electronicevidence} until DOI is resolved)}
}

@article{enigma,
  author={Harold Thimbleby},
  title = "{Human Factors} and missed solutions to {Enigma} design weaknesses",
  doi = {10.1080/01611194.2015.1028680},
  journal = {Cryptologia},
  number = 2,
  pages = {177--202},
  volume = 40,
  year = 2016
}

@article{harking,
author={Norbert L. Kerr},
title={{HARKing}: {H}ypothesizing after the results are known},
journal={Personality and Social Psychology Review},
year={1998},
volume=2,
number=3,
pages={196--217},
doi={10.1207/s15327957pspr0203\_4}
}

@article{framework,
author={Thimbleby, H. and Anderson, S. O. and Cairns, P.}, title={A Framework for Modelling Trojans and Computer Virus Infection}, journal={Computer Journal}, year=1999, volume={41}, nnumber=17, pages={444--458}, doi={10.1093/comjnl/41.7.444}
}

@article{stability,
  author={Salama, Maria and Bahsoon, Rami and Lago, Patricia},
  journal={IEEE Transactions on Software Engineering}, 
  title={Stability in Software Engineering: Survey of the State-of-the-Art and Research Directions}, 
  year={2021},
  volume={47},
  number={7},
  pages={1468--1510},
  doi={10.1109/TSE.2019.2925616}
}

@article{dunning-kruger-numeracy,
author={Edward Nuhfer and Steven Fleisher and Christopher Cogan and Karl Wirth and Eric Gaze},
title={How Random Noise and a Graphical Convention Subverted Behavioral Scientists' Explanations of Self-Assessment Data: {Numeracy} Underlies Better Alternatives},
journal={Numeracy},
volume=10, 
number=1,
pages=4,
year=2017,
doi={10.5038/1936-4660.10.1.4}
}

@article{science-lancet1,
title={A mysterious company's coronavirus papers in top medical journals may be unraveling},
author={Kelly Servick and Martin Enserink},
journal={Science},
year=2020,
doi={10.1126/science.abd1337}
}

@article{lancet-learning,
title={Learning from a retraction},
journal={The Lancet},
author={{The Editors}},
doi={10.1016/S0140-6736(20)31958-9},
volume=396,
pages=799,
year={2020},
}

@article{jvs1,
author={Hardouin, S. and Cheng, T. W. and Mitchell, E. L. and Raulli, S. J. and Jones, D. W. and Siracuse, J. J. and Farber, A.}, 
title={Prevalence of unprofessional social media content among young vascular surgeons}, 
journal={Journal of Vascular Surgery}, 
year=2020, 
volume={72}, number=2, pages={667--671}, 
doi={10.1016/j.jvs.2019.10.069}
}

@article{jvs2,
author={Baumann, J.}, 
title={\#{MedBikini} Backlash Exposes Research Ethics Boards' Digital Gaps}, journal={Bloomberg Law}, 
year={29 July, 2020}, 
url={news.bloomberglaw.com/pharma-and-life-sciences/medbikini-backlash-exposes-research-ethics-boards-digital-gaps}
}

@article{jvs3,
author={{The Editors {(of \emph{Journal of Vascular Surgery\/})}}}, 
title={{Editors' Statement Regarding ``Prevalence of unprofessional social media content among young vascular surgeons''}}, 
journal={FaceBook},
note={\url{www.facebook.com/TheJVascSurg/photos/a.611986142331744/1381024778761206/?type=3&theater}, and copied to journal home page \url{www.jvascsurg.org} Accessed 30 July 2020}, 
year=2020
}

@article{fda,
author={Zhang, Y. and Masci, P. and Jones, P. and Thimbleby, H.}, title={User Interface Software Errors in Medical Devices}, journal={Biomedical Instrumentation {\&} Technology}, year= 2019, volume={53}, number=3, pages={182--194}, doi={10.2345/0899-8205-53.3.182}
}

@article{numerals,
author={Thimbleby, H. and Cairns, P.}, title={Interactive numerals}, journal={Royal Society Open Science}, year=2017, volume={4},
number=4, pages=160903, doi={10.1098/rsos.160903}
}

%https://twitter.com/JVascSurg/status/1286831352520888320?ref_src=twsrc%5Etfw

@article{science-lancet2,
journal={Science},
year=2020,
title={{COVID}-19 data scandal prompts tweaks to elite journal's review process},
author={Kelly Servick},
doi={10.1126/science.abe8656}
}

@article{lancet-retracted,
title={{RETRACTED}: {Hydroxychloroquine} or chloroquine with or without a macrolide for treatment of {COVID}-19: {A} multinational registry analysis},
journal={The Lancet},
volume={{online}},
pages={1--10},
author={Mandeep R. Mehra and Sapan S. Desai and Frank Ruschitzka and Amit N. Patel},
year=2020,
doi={10.1016/S0140-6736(20)31180-6}
}

@article{dunning-kruger,
author={Kruger, J. and Dunning, D.}, 
title={Unskilled and Unaware of It: {How} Difficulties in Recognizing One's Own Incompetence Lead to Inflated Self-Assessments}, 
journal={Journal of Personality and Social Psychology}, year=1999, volume={77}, number=6, pages={1121--1134}, doi={10.1037/0022-3514.77.6.1121}
}

@inproceedings{peerReview,
author={Baum, T and {Le\ss mann}, H and Schneider, K}, 
title={The Choice of Code Review Process: A Survey on the State of the Practice}, 
series={Product-Focused Software Process Improvement: 18th International Conference}, 
booktitle={Lecture Notes in Computer Science}, year=2017, volume={10611}, pages={111--127}, 
doi={10.1007/978-3-319-69926-4_9}
}

@book{simon-artificial,
author={H. A. Simon and John Laird},
title={Sciences of the Artificial},
edition={3rd},
publisher={MIT Press},
year=2019
}

@book{ssi-report,
author={Alys Brett and Michael Croucher and Robert Haines and Simon Hettrick and James Hetherington and Mark Stillwell and Claire Wyatt},
title={State of the Nation Report for Research Software Engineers},
year=2017,
publisher={Research Software Engineer Network},
url={zenodo.org/record/495360#.Xyfuyi2ZOCM},
doi={10.5281/zenodo.495360}
}

@booklet{ssi-url,
author={{Software Sustainability Institute}},
title={Web site},
url={software.ac.uk},
year=2020,
note={Accessed 3 August 2020}
}
